<?xml version="1.0" encoding="UTF-8"?><record xmlns="http://www.loc.gov/MARC21/slim" xmlns:cinclude="http://apache.org/cocoon/include/1.0" xmlns:zs="http://www.loc.gov/zing/srw/">
  <leader>00521cz  a2200133n  4500</leader>
  <controlfield tag="001">no2004082355</controlfield>
  <controlfield tag="003">DLC</controlfield>
  <controlfield tag="005">20040930145959.0</controlfield>
  <controlfield tag="008">040826n| acannaab           |n aaa     c</controlfield>
  <datafield tag="010" ind1=" " ind2=" ">
    <subfield code="a">no2004082355</subfield>
    <subfield code="z">nr2004025173</subfield>
  </datafield>
  <datafield tag="035" ind1=" " ind2=" ">
    <subfield code="a">(OCoLC)oca06427824</subfield>
  </datafield>
  <datafield tag="040" ind1=" " ind2=" ">
    <subfield code="a">NjP</subfield>
    <subfield code="b">eng</subfield>
    <subfield code="c">NjP</subfield>
    <subfield code="d">DLC</subfield>
  </datafield>
  <datafield tag="100" ind1="1" ind2=" ">
    <subfield code="a">Noordegraaf, Julia</subfield>
  </datafield>
  <datafield tag="670" ind1=" " ind2=" ">
    <subfield code="a">Strategies of display, c2004:</subfield>
    <subfield code="b">t.p. (Julia Noordegraaf) cover p. 3 (asst. professor, Dept. of Media Studies, University of Amsterdam) p. 285 (Ph. D. in culture and the arts from Erasmus University Rotterdam)</subfield>
  </datafield>
</record>